@inproceedings{alexnet,
 author = {Krizhevsky, Alex and Sutskever, Ilya and Hinton, Geoffrey E},
 booktitle = {Advances in Neural Information Processing Systems},
 editor = {F. Pereira and C. J. C. Burges and L. Bottou and K. Q. Weinberger},
 publisher = {Curran Associates, Inc.},
 title = {ImageNet Classification with Deep Convolutional Neural Networks},
 note = {Available:\url{https://proceedings.neurips.cc/paper/2012/file/c399862d3b9d6b76c8436e924a68c45b-Paper.pdf}},
 volume = {25},
 year = {2012},
}

@inproceedings{yolo,
  title={You only look once: Unified, real-time object detection},
  author={Redmon, Joseph and Divvala, Santosh and Girshick, Ross and Farhadi, Ali},
  booktitle={Proceedings of the IEEE conference on computer vision and pattern recognition},
  pages={779--788},
  year={2016},
  note = {doi:https://doi.org/10.1109/CVPR.2016.91},
}

@article{chen2017deeplab,
  title={Deeplab: Semantic image segmentation with deep convolutional nets, atrous convolution, and fully connected crfs},
  author={Chen, Liang-Chieh and Papandreou, George and Kokkinos, Iasonas and Murphy, Kevin and Yuille, Alan L},
  journal={IEEE transactions on pattern analysis and machine intelligence},
  volume={40},
  number={4},
  pages={834--848},
  year={2017},
  publisher={IEEE},
  note = {doi:https://doi.org/10.1109/TPAMI.2017.2699184},
}
@article{carlsson2009topology,
  title={Topology and data},
  author={Carlsson, Gunnar},
  journal={Bulletin of the American Mathematical Society},
  volume={46},
  number={2},
  pages={255--308},
  year={2009}
}

@article{chazal2021introduction,
  title={An introduction to topological data analysis: fundamental and practical aspects for data scientists},
  author={Chazal, Fr{\'e}d{\'e}ric and Michel, Bertrand},
  journal={Frontiers in artificial intelligence},
  volume={4},
  year={2021},
  publisher={Frontiers Media SA}
}

@article{smith2021topological,
  title={Topological data analysis: concepts, computation, and applications in chemical engineering},
  author={Smith, Alexander D and D{\l}otko, Pawe{\l} and Zavala, Victor M},
  journal={Computers \& Chemical Engineering},
  volume={146},
  pages={107202},
  year={2021},
  publisher={Elsevier}
}


@article{naitzat2020topology,
  title={Topology of Deep Neural Networks.},
  author={Naitzat, Gregory and Zhitnikov, Andrey and Lim, Lek-Heng},
  journal={J. Mach. Learn. Res.},
  volume={21},
  number={184},
  pages={1--40},
  year={2020}
}

@inproceedings{ronneberger2015u,
  title={U-net: Convolutional networks for biomedical image segmentation},
  author={Ronneberger, Olaf and Fischer, Philipp and Brox, Thomas},
  booktitle={International Conference on Medical image computing and computer-assisted intervention},
  pages={234--241},
  year={2015},
  organization={Springer},
  note = {doi:\url{https://link.springer.com/chapter/10.1007/978-3-319-24574-4_28}},
}

@incollection{betti_number,
title = {CHAPTER 28 - History of Homological Algebra},
editor = {I.M. James},
booktitle = {History of Topology},
publisher = {North-Holland},
address = {Amsterdam},
pages = {797-836},
year = {1999},
isbn = {978-0-444-82375-5},
doi = {https://doi.org/10.1016/B978-044482375-5/50029-8},
url = {https://www.sciencedirect.com/science/article/pii/B9780444823755500298},
author = {Charles A. Weibel}
}

@incollection{klein_bottle,
  title={Curves on Surfaces},
  author={Stillwell, John},
  booktitle={Classical Topology and Combinatorial Group Theory},
  pages={185--215},
  year={1993},
  publisher={Springer}
}

@article{edelsbrunner2008persistent,
  title={Persistent homology-a survey},
  author={Edelsbrunner, Herbert and Harer, John and others},
  journal={Contemporary mathematics},
  volume={453},
  pages={257--282},
  year={2008},
  publisher={Providence, RI: American Mathematical Society}
}

@article{carlsson2008local,
  title={On the local behavior of spaces of natural images},
  author={Carlsson, Gunnar and Ishkhanov, Tigran and De Silva, Vin and Zomorodian, Afra},
  journal={International journal of computer vision},
  volume={76},
  number={1},
  pages={1--12},
  year={2008},
  publisher={Springer}
}

@article{bronstein2017geometric,
  title={Geometric deep learning: going beyond euclidean data},
  author={Bronstein, Michael M and Bruna, Joan and LeCun, Yann and Szlam, Arthur and Vandergheynst, Pierre},
  journal={IEEE Signal Processing Magazine},
  volume={34},
  number={4},
  pages={18--42},
  year={2017},
  publisher={IEEE}
}

@inproceedings{saucan2007geometric,
  title={Geometric sampling of manifolds for image representation and processing},
  author={Saucan, Emil and Appleboim, Eli and Zeevi, Yehoshua Y},
  booktitle={International Conference on Scale Space and Variational Methods in Computer Vision},
  pages={907--918},
  year={2007},
  organization={Springer}
}

@article{liew2016bounded,
  title={Bounded activation functions for enhanced training stability of deep neural networks on visual pattern recognition problems},
  author={Liew, Shan Sung and Khalil-Hani, Mohamed and Bakhteri, Rabia},
  journal={Neurocomputing},
  volume={216},
  pages={718--734},
  year={2016},
  publisher={Elsevier}
}

@article{ramachandran2017searching,
  title={Searching for activation functions},
  author={Ramachandran, Prajit and Zoph, Barret and Le, Quoc V},
  journal={arXiv preprint arXiv:1710.05941},
  year={2017}
}
