@article{naitzat2020topology,
  title={Topology of deep neural networks},
  author={Naitzat, Gregory and Zhitnikov, Andrey and Lim, Lek-Heng},
  journal={Journal of Machine Learning Research},
  volume={21},
  number={184},
  pages={1--40},
  year={2020}
}
@article{carlsson2008local,
  title={On the local behavior of spaces of natural images},
  author={Carlsson, Gunnar and Ishkhanov, Tigran and De Silva, Vin and Zomorodian, Afra},
  journal={International journal of computer vision},
  volume={76},
  number={1},
  pages={1--12},
  year={2008},
  publisher={Springer}
}
@article{carlsson2009topology,
  title={Topology and data},
  author={Carlsson, Gunnar},
  journal={Bulletin of the American Mathematical Society},
  volume={46},
  number={2},
  pages={255--308},
  year={2009}
}
@article{chazal2017introduction,
  title={An introduction to topological data analysis: fundamental and practical aspects for data scientists},
  author={Chazal, Fr{\'e}d{\'e}ric and Michel, Bertrand},
  journal={arXiv preprint arXiv:1710.04019},
  year={2017}
}
@article{meng2019class,
  title={Class Activation Map Generation by Representative Class Selection and Multi-Layer Feature Fusion},
  author={Meng, Fanman and Huang, Kaixu and Li, Hongliang and Wu, Qingbo},
  journal={arXiv preprint arXiv:1901.07683},
  year={2019}
}

@article{bronstein2017geometric,
  title={Geometric deep learning: going beyond euclidean data},
  author={Bronstein, Michael M and Bruna, Joan and LeCun, Yann and Szlam, Arthur and Vandergheynst, Pierre},
  journal={IEEE Signal Processing Magazine},
  volume={34},
  number={4},
  pages={18--42},
  year={2017},
  publisher={IEEE}
}

@inproceedings{saucan2007geometric,
  title={Geometric sampling of manifolds for image representation and processing},
  author={Saucan, Emil and Appleboim, Eli and Zeevi, Yehoshua Y},
  booktitle={International Conference on Scale Space and Variational Methods in Computer Vision},
  pages={907--918},
  year={2007},
  organization={Springer}
}


@InProceedings{Luo_2017_ICCV,
author = {Luo, Jian-Hao and Wu, Jianxin and Lin, Weiyao},
title = {ThiNet: A Filter Level Pruning Method for Deep Neural Network Compression},
booktitle = {Proceedings of the IEEE International Conference on Computer Vision (ICCV)},
month = {Oct},
year = {2017}
}

@article{krizhevsky2012imagenet,
  title={Imagenet classification with deep convolutional neural networks},
  author={Krizhevsky, Alex and Sutskever, Ilya and Hinton, Geoffrey E},
  journal={Advances in neural information processing systems},
  volume={25},
  pages={1097--1105},
  year={2012}
}

@article{liew2016bounded,
  title={Bounded activation functions for enhanced training stability of deep neural networks on visual pattern recognition problems},
  author={Liew, Shan Sung and Khalil-Hani, Mohamed and Bakhteri, Rabia},
  journal={Neurocomputing},
  volume={216},
  pages={718--734},
  year={2016},
  publisher={Elsevier}
}

@article{ramachandran2017searching,
  title={Searching for activation functions},
  author={Ramachandran, Prajit and Zoph, Barret and Le, Quoc V},
  journal={arXiv preprint arXiv:1710.05941},
  year={2017}
}

@article{smith2021topological,
  title={Topological data analysis: concepts, computation, and applications in chemical engineering},
  author={Smith, Alexander D and D{\l}otko, Pawe{\l} and Zavala, Victor M},
  journal={Computers \& Chemical Engineering},
  volume={146},
  pages={107202},
  year={2021},
  publisher={Elsevier}
}
@article{edelsbrunner2008persistent,
  title={Persistent homology-a survey},
  author={Edelsbrunner, Herbert and Harer, John},
  journal={Contemporary mathematics},
  volume={453},
  pages={257--282},
  year={2008},
  publisher={Providence, RI: American Mathematical Society}
}

@article{xiao2017fashion,
  title={Fashion-mnist: a novel image dataset for benchmarking machine learning algorithms (2017)},
  author={Xiao, Han and Rasul, Kashif and Vollgraf, Roland},
  journal={arXiv preprint cs.LG/1708.07747},
  volume={32},
  year={2017}
}



