%! Author = sunilv
%! Date = 08/06/21

